
@article{Jansson2024,
	title = {Scotch and Pizza},
	author = {Jansson, Paul S.},
	year = {2024},
	month = {10},
	date = {2024-10-10},
	journal = {Journal of Clinical Oncology},
	pages = {3504--3505},
	volume = {42},
	number = {29},
	doi = {10.1200/jco.24.01164},
	url = {http://dx.doi.org/10.1200/JCO.24.01164},
	langid = {en}
}
