
@article{vii.sca1701,
	title = {VII. Scala graduum caloris},
	author = {An√≥nimo},
	year = {1701},
	month = {04},
	date = {1701-04-30},
	journal = {Philosophical Transactions of the Royal Society of London},
	doi = {10.1098/rstl.1700.0082},
	url = {https://royalsocietypublishing.org/doi/10.1098/rstl.1700.0082},
	langid = {EN}
}

@book{meadows2009,
	title = {Thinking in systems: a primer},
	author = {Meadows, Donella H.},
	year = {2009},
	date = {2009},
	publisher = {Earthscan},
	address = {London},
	langid = {en}
}
