
@inbook{pearl2022e,
	title = {Causal Diagrams for Empirical Research (With Discussions)},
	author = {Pearl, Judea},
	year = {2022},
	month = {02},
	date = {2022-02-28},
	publisher = {ACM},
	pages = {255--316},
	doi = {10.1145/3501714.3501734},
	url = {http://dx.doi.org/10.1145/3501714.3501734},
	langid = {en}
}


@book{pearl_libro_2020,
	address = {Barcelona},
	title = {El libro del porqué},
	isbn = {978-84-121383-2-0},
	url = {https://www.marcialpons.es/media/pdf/ellibrodelporquejudeapearl.pdf},
	langid = {es},
	urldate = {2025-03-14},
	publisher = {Pasado y Presente},
	author = {Pearl, Judea and Mackenzie, Dana},
	year = {2020},
	file = {Available Version (via Google Scholar):C\:\\Users\\equih\\Zotero\\storage\\HGBUT33I\\Pearl y Mackenzie - 2020 - El libro del porqué.pdf:application/pdf},
}



@book{velasquez_exploring_nodate,
	title = {Exploring {Complex} {Survey} {Data} {Analysis} {Using} {R}},
	year = {2024},
	publisher = {Chapman & Hall: CRC Press},
	url = {https://tidy-survey-r.github.io/tidy-survey-book/},
	abstract = {Exploring Complex Survey Data Analysis Using R: A Tidy Introduction with \{srvyr\} and \{survey\}},
	urldate = {2025-03-14},
	author = {Zimmer, Stephanie A., J. Powell, R.J. {and} Velásquez, Isabella C.},
	file = {Snapshot:C\:\\Users\\equih\\Zotero\\storage\\G89PWXLP\\tidy-survey-book.html:text/html},
}


@book{lawson_design_2014,
	title = {Design and {Analysis} of {Experiments} with {R}},
	url = {https://bit.ly/3DR0ipN},
	urldate = {2025-03-14},
	publisher = {CRC press},
	author = {Lawson, John},
	year = {2014}
}


@book{mcelreath_statistical_2020,
  author = {McElreath, Richard},
	title = {Statistical {Rethinking} {\textbar} {A} {Bayesian} {Course} with {Examples} in {R} and {Stan}},
	year = {2020},
	url = {https://xcelab.net/rm/},
	publisher = {Chapman & Hall: CRC Press},
	urldate = {2025-03-14},
	isbn = {978-03-671399-1-9}
} 


@misc{castro_usando_2021,
	title = {Usando {R} para jugar con los microdatos del {INEGI}},
	url = {https://bit.ly/3Fz35Vh},
	abstract = {Trabajar con los datos del Instituto Nacional de Estadística y Geografía (INEGI) de México puede ser el pan de cada día de muchos de…},
	language = {en},
	urldate = {2025-03-14},
	journal = {tacosdedatos},
	author = {Castro, Claudio Daniel Pacheco},
	month = jul,
	year = {2021},
}

@book{escoto_castillo_encuesta2021,
	address = {Ciudad de México},
	title = {¿{Cómo} empezar a estudiar el mercado de trabajo en {México}? ({Una} introducción al análisis estadístico con {R} aplicado a la {Encuesta} {Nacional} de {Ocupación} y {Empleo})},
	isbn = {978-607-30-4913-9},
	url = {https://bit.ly/3XRrxYa},
	urldate = {2025-03-14},
	publisher = {UNAM},
	author = {Escoto Castillo, Ana Ruth},
	year = {2021}
}
 
