@Manual{horst2020,
  title = {palmerpenguins: Palmer Archipelago (Antarctica) penguin data},
  author = {Allison Marie Horst and Alison Presmanes Hill and Kristen B Gorman},
  year = {2020},
  note = {R package version 0.1.0},
  doi = {10.5281/zenodo.3960218},
  url = {https://allisonhorst.github.io/palmerpenguins/},
}
@MISC{katsushika1831,
    author = {Katsushika, Hokusai},
    title = {The Great Wave off Kanagawa},
    year = {1831},
    note = {[Online; accessed November 23, 2024]},
    url = {https://upload.wikimedia.org/wikipedia/commons/a/a5/Tsunami_by_hokusai_19th_century.jpg}
}
@book{equihuazamora2024,
	title = {Integridad ecosistémica: El tejido de la vida y la salud},
	author = {Equihua Zamora, Miguel and {Pérez Maqueo}, Octavio and {Equihua Benítez}, Ana},
	year = {2024},
	date = {2024},
	publisher = {Universidad Nacional Autónoma de México},
	series = {Ecosalud},
	edition = {1},
	url = {https://www.libros.unam.mx/integridad-ecosistemica-el-tejido-de-la-vida-y-la-salud-ecosalud-5-9786073096843-libro.html},
	address = {Ciudad de México},
	langid = {es-mx}
}

@inbook{martinez2011,
	title = {Ecosystem Services Provided by Estuarine and Coastal Ecosystems},
	author = {Martinez, M.L. and Costanza, R. and {Pérez-Maqueo}, O.},
	year = {2011},
	date = {2011},
	publisher = {Elsevier},
	pages = {129--146},
	doi = {10.1016/b978-0-12-374711-2.01207-9},
	url = {http://dx.doi.org/10.1016/b978-0-12-374711-2.01207-9},
	langid = {en}
}

@techreport{equihua2004,
	title = {Modelación Matemática y Conservación},
	author = {Equihua, M. and Perez-Maqueo, O.},
	year = {2004},
	date = {2004},
	doi = {10.5531/cbc.ncep.0069},
	url = {http://dx.doi.org/10.5531/cbc.ncep.0069}
}
